<record><leader>00000cas a22000007a 4500</leader><controlfield tag="001">17955011</controlfield><controlfield tag="008">880514d19151917nduwr ne      0    0eng d</controlfield><datafield ind1=" " ind2=" " tag="010"><subfield code="a">sn 88076090 </subfield></datafield><datafield ind1=" " ind2=" " tag="040"><subfield code="a">NOP</subfield><subfield code="b">eng</subfield><subfield code="c">NOP</subfield><subfield code="d">OCLCQ</subfield></datafield><datafield ind1=" " ind2=" " tag="042"><subfield code="a">msc</subfield></datafield><datafield ind1="0" ind2="0" tag="245"><subfield code="a">Gascoyne gazette.</subfield></datafield><datafield ind1=" " ind2=" " tag="260"><subfield code="a">Gascoyne, N.D. :</subfield><subfield code="b">W.C. Smith</subfield></datafield><datafield ind1=" " ind2=" " tag="300"><subfield code="a">3 v. :</subfield><subfield code="b">ill. ;</subfield><subfield code="c">54 cm.</subfield></datafield><datafield ind1=" " ind2=" " tag="310"><subfield code="a">Weekly</subfield></datafield><datafield ind1="0" ind2=" " tag="362"><subfield code="a">Vol. 1, no. 1 (Apr. 7, 1915)-v. 3, no. 31 (Nov. 7, 1917).</subfield></datafield><datafield ind1=" " ind2=" " tag="530"><subfield code="a">Available on microfilm from the State Historical Society of North Dakota.</subfield></datafield><datafield ind1=" " ind2=" " tag="752"><subfield code="a">United States</subfield><subfield code="b">North Dakota</subfield><subfield code="c">Bowman</subfield><subfield code="d">Gascoyne.</subfield></datafield><datafield ind1="0" ind2="7" tag="785"><subfield code="t">Farmers leader (Bowman, N.D.)</subfield><subfield code="w">(DLC)sn 88076091</subfield></datafield><datafield ind1="0" ind2="7" tag="785"><subfield code="t">Farmers leader and Gascoyne gazette</subfield><subfield code="w">(DLC)sn 88076451</subfield></datafield></record>